
@book{herstein:algebra,
  author = {Herstein, I.N.},
  title = {Algebra},
  publisher = {Editori Riuniti University Press},
  note = {In particolare il capitolo 5}
}

@misc{milne:fields,
  author = {Milne, James S.},
  title = {Fields and Galois Theory},
  url = {https://www.jmilne.org/math/CourseNotes/FT.pdf},
  note = {In particolare i capitoli 1, 2 e 3}
}

@misc{schoofgeemen:algebra,
  author = {Schoof, R. and van Geemen, B.},
  title = {Algebra},
  url = {http://www-dimat.unipv.it/canonaco/notealgebra.pdf},
  note = {In particolare il capitolo 14}
}

@book{garling:galois,
  title={A Course in Galois Theory},
  author={Garling, D.J.H.},
  publisher={Cambridge University Press}
}

@book{aluffi:algebra,
  title={Algebra: Notes from the Underground},
  author={Aluffi, P.},
  publisher={Cambridge University Press},
  note = {In particolare i capitoli 13, 14 e 15}
}

@online{tsumura:exercises,
  title = {Problems in Mathematics -- Field Theory},
  author = {Tsumura, Yu},
  url = {https://yutsumura.com/category/field-theory/}
}

@misc{leinster:fields,
  author = {Leinster, T.},
  title = {Galois Theory},
  url = {https://www.maths.ed.ac.uk/~tl/gt/gt.pdf}
}

@misc{canonaco:campi,
  author = {Canonaco, A.},
  title = {Algebra 2 --- Teoria dei Campi},
  url = {https://www-dimat.unipv.it/canonaco/2020-2021/alg2.html},
  year = {2021}
}

