
@book{herstein:algebra,
  author = {I.N. Herstein},
  title = {Algebra},
  publisher = {Editori Riuniti University Press},
  note = {In particolare le sezioni 2.9, 2.11, 2.12 e 5.7.}
}

@misc{milne:groups,
  author = {Milne, James S.},
  title = {Group Theory},
  url = {https://www.jmilne.org/math/CourseNotes/GT.pdf},
  note = {In particolare i capitoli 3, 4, 5 e 6}
}

@book{aluffi:algebra,
  title = {Algebra: Notes from the Underground},
  author = {Aluffi, P.},
  publisher = {Cambridge University Press},
  note = {In particolare i capitoli 11 e 12}
}

@online{tsumura:exercises,
  title = {Problems in Mathematics -- Group Theory},
  author = {Tsumura, Yu},
  url = {https://yutsumura.com/category/group-theory/}
}

